@article{krose1993introduction,
  title={An introduction to neural networks},
  author={Kr{\"o}se, Ben and Krose, Ben and van der Smagt, Patrick and Smagt, Patrick},
  year={1993},
  publisher={Citeseer}
}

@article{noble2006support,
  title={What is a support vector machine?},
  author={Noble, William S},
  journal={Nature biotechnology},
  volume={24},
  number={12},
  pages={1565--1567},
  year={2006},
  publisher={Nature Publishing Group}
}

@article{keshav2007read,
  title={How to read a paper},
  author={Keshav, Srinivasan},
  journal={ACM SIGCOMM Computer Communication Review},
  volume={37},
  number={3},
  pages={83--84},
  year={2007},
  publisher={ACM New York, NY, USA}
}

@inproceedings{10.1145/2615569.2615682,
author = {Fitzsimmons, Gemma and Weal, Mark J. and Drieghe, Denis},
title = {Skim Reading: An Adaptive Strategy for Reading on the Web},
year = {2014},
publisher = {Association for Computing Machinery},
address = {New York, NY, USA},
booktitle = {Proceedings of the 2014 ACM Conference on Web Science},
pages = {211â€“219},
numpages = {9},
keywords = {reading, skim reading, web science, human computer interaction, psychology, hyperlinks, eye movements},
location = {Bloomington, Indiana, USA},
series = {WebSci '14}
}

@misc{github-schneiderfelipe-doi2bib-easily-convert-digital-object-identifier-doi-and-uniform-resource-locator-url-to-bibtex-and-doi-to-plain-text,
  title = {GitHub - schneiderfelipe/doi2bib: Easily convert Digital Object Identifier (DOI) and Uniform Resource Locator (URL) to BibTeX and DOI to plain text.},
  howpublished = {\url{https://github.com/schneiderfelipe/doi2bib}},
  note = {Accessed: 2021-04-21}
}

@misc{github-dmstern-html2biblatex-a-tiny-bookmarklet-for-exporting-web-pages-to-biblatex-all-browsers-no-installation,
  title = {GitHub - dmstern/html2biblatex: A tiny bookmarklet for exporting web pages to BibLaTeX (all browsers / no installation).},
  howpublished = {\url{https://github.com/dmstern/html2biblatex}},
  note = {Accessed: 2021-04-21}
}

@misc{
jabref-free-reference-manager-stay-on-top-of-your-literature,
  title = {
    JabRef - Free Reference Manager - Stay on top of your Literature
  },
  howpublished = {\url{https://www.jabref.org/}},
  note = {Accessed: 2021-04-22}
}

